[gd_scene load_steps=10 format=3 uid="uid://bvypmtvpgoi6e"]

[ext_resource type="Script" path="res://scenes/main.gd" id="1_h30px"]
[ext_resource type="PackedScene" uid="uid://ul2dkjptwfex" path="res://player/player.tscn" id="1_q3qhk"]
[ext_resource type="PackedScene" uid="uid://1rmd4i86onfm" path="res://characters/xbot_enemy.tscn" id="2_k5pau"]

[sub_resource type="ProceduralSkyMaterial" id="ProceduralSkyMaterial_1j6sj"]
sky_horizon_color = Color(0.64625, 0.65575, 0.67075, 1)
ground_horizon_color = Color(0.64625, 0.65575, 0.67075, 1)

[sub_resource type="Sky" id="Sky_hbje7"]
sky_material = SubResource("ProceduralSkyMaterial_1j6sj")

[sub_resource type="Environment" id="Environment_sc167"]
background_mode = 2
sky = SubResource("Sky_hbje7")
tonemap_mode = 2
sdfgi_enabled = true
glow_enabled = true

[sub_resource type="StandardMaterial3D" id="StandardMaterial3D_q67as"]
albedo_color = Color(0.592157, 0.592157, 0.592157, 1)

[sub_resource type="BoxMesh" id="BoxMesh_8kwmd"]

[sub_resource type="BoxShape3D" id="BoxShape3D_6dlav"]
size = Vector3(2.04127, 3.17099, 2.27552)

[node name="Main" type="Node3D"]
script = ExtResource("1_h30px")

[node name="World" type="Node3D" parent="."]

[node name="DirectionalLight3D" type="DirectionalLight3D" parent="World"]
transform = Transform3D(-0.866025, -0.433013, 0.25, 0, 0.5, 0.866025, -0.5, 0.75, -0.433013, 0, 7.96093, 0)
shadow_enabled = true

[node name="WorldEnvironment" type="WorldEnvironment" parent="World"]
environment = SubResource("Environment_sc167")

[node name="Map" type="Node3D" parent="World"]

[node name="CSGBox3D" type="CSGBox3D" parent="World/Map"]
transform = Transform3D(1, 0, 0, 0, 1, 0, 0, 0, 1, 0, -0.5, 0)
use_collision = true
size = Vector3(20, 1, 20)
material = SubResource("StandardMaterial3D_q67as")

[node name="Player" parent="World" instance=ExtResource("1_q3qhk")]

[node name="CSGMesh3D" type="CSGMesh3D" parent="World"]
transform = Transform3D(1, 0, 0, 0, 1, 0, 0, 0, 1, -4.27376, 0.481072, -3.64722)
mesh = SubResource("BoxMesh_8kwmd")

[node name="Area3D" type="Area3D" parent="World/CSGMesh3D"]
collision_layer = 2

[node name="CollisionShape3D" type="CollisionShape3D" parent="World/CSGMesh3D/Area3D"]
transform = Transform3D(1, 0, 0, 0, 1, 0, 0, 0, 1, -0.000150204, 0.00899863, 0)
shape = SubResource("BoxShape3D_6dlav")

[node name="XbotEnemy" parent="." instance=ExtResource("2_k5pau")]
transform = Transform3D(-1, 0, -8.74228e-08, 0, 1, 0, 8.74228e-08, 0, -1, 0.378581, 4.76837e-07, -3.92856)
